@inproceedings{arora1996polynomial,
	title={Polynomial time approximation schemes for Euclidean TSP and other geometric problems},
	author={Arora, Sanjeev},
	booktitle={Foundations of Computer Science, 1996. Proceedings., 37th Annual Symposium on},
	pages={2--11},
	year={1996},
	organization={IEEE}
}
@misc{data0,
	author = {J. Burkardt},
	title = { Data for the traveling salesperson problem},
	note = {http://people.sc.fsu.edu/~jburkardt/datasets/tsp/tsp.html},
	year = 2011
}
@inproceedings{grefenstette1985genetic,
	title={Genetic algorithms for the traveling salesman problem},
	author={Grefenstette, John and Gopal, Rajeev and Rosmaita, Brian and Van Gucht, Dirk},
	booktitle={Proceedings of the first International Conference on Genetic Algorithms and their Applications},
	pages={160--168},
	year={1985},
	organization={Lawrence Erlbaum, New Jersey (160-168)}
}
@article{dorigo1997ant,
	title={Ant colony system: a cooperative learning approach to the traveling salesman problem},
	author={Dorigo, Marco and Gambardella, Luca Maria},
	journal={IEEE Transactions on evolutionary computation},
	volume={1},
	number={1},
	pages={53--66},
	year={1997},
	publisher={IEEE}
}
@article{gutin2007greedy,
	title={The greedy algorithm for the symmetric TSP},
	author={Gutin, Gregory and Yeo, Anders},
	journal={Algorithmic Operations Research},
	volume={2},
	number={1},
	pages={33--36},
	year={2007}
}
@article{haario2001adaptive,
	title={An adaptive Metropolis algorithm},
	author={Haario, Heikki and Saksman, Eero and Tamminen, Johanna},
	journal={Bernoulli},
	pages={223--242},
	year={2001},
	publisher={JSTOR}
}
@article{homaifar1992schema,
	title={Schema analysis of the traveling salesman problem using genetic algorithms},
	author={Homaifar, Abdollah and Guan, Shanguchuan and Liepins, Gunar E},
	journal={Complex Systems},
	volume={6},
	number={6},
	pages={533--552},
	year={1992},
	publisher={[Champaign, IL, USA: Complex Systems Publications, Inc., c1987-}
}
@article{hong1997improved,
	title={Improved large-step Markov chain variants for the symmetric TSP},
	author={Hong, Inki and Kahng, Andrew B and Moon, Byung-Ro},
	journal={Journal of Heuristics},
	volume={3},
	number={1},
	pages={63--81},
	year={1997},
	publisher={Springer}
}
@article{johnson1997traveling,
	title={The traveling salesman problem: A case study in local optimization},
	author={Johnson, David S and McGeoch, Lyle A},
	journal={Local search in combinatorial optimization},
	volume={1},
	pages={215--310},
	year={1997},
	publisher={Chichester, UK}
}
@article{kim1998comparison,
	title={Comparison of tsp algorithms},
	author={Kim, Byung-In and Shim, Jae-Ik and Zhang, Min},
	journal={Project for Models in Facilities Planning and Materials Handling},
	year={1998}
}

@book{hoffman1986traveling,
	title={The traveling salesman problem: a guided tour of combinatorial optimization},
	author={Hoffman, AJ and Wolfe, J and Garfinkel, RS and Johnson, DS and Papadimitriou, CH and Gilmore, PC and Lawler, EL and Shmoys, DB and Karp, RM and Steele, JM and others},
	year={1986},
	publisher={J. Wiley \& Sons}
}

@misc{data1,
	author = {G. Reinelt},
	title = {TSPLIB},
	note = {http://comopt.ifi.uni-heidelberg.de/software/TSPLIB95/},
	year = 1995
}
@article{xu2011analysis,
	title={An analysis of the extended Christofides heuristic for the k-depot TSP},
	author={Xu, Zhou and Xu, Liang and Rodrigues, Brian},
	journal={Operations Research Letters},
	volume={39},
	number={3},
	pages={218--223},
	year={2011},
	publisher={Elsevier}
}

@article{croes1958method,
  title={A method for solving traveling-salesman problems},
  author={Croes, Georges A},
  journal={Operations research},
  volume={6},
  number={6},
  pages={791--812},
  year={1958},
  publisher={INFORMS}
}
@book{introduction,
	title={Introduction to Artificial Intelligence},
	author={BaoJunpeng},
	year=2010,
	publisher={[M].BeiJing:MachineryIn-dustryPress}
}
@misc{鲍军鹏2010人工智能导论,
	title={人工智能导论},
	author={鲍军鹏 and 张选平},
	year={2010},
	publisher={北京: 机械工业出版社}
}
@article{haqueempirical,
	title={An Empirical Evaluation of Approximation Algorithms for the Metric Traveling Salesman Problem},
	author={Haque, Albert and Shah, Jay and Ejaz, Faisal and Xu, Jia Xing}
}
@article{mucha2014frac,
	title={$\backslash$ frac $\{$13$\}$$\{$9$\}$-Approximation for Graphic TSP},
	author={Mucha, Marcin},
	journal={Theory of computing systems},
	volume={55},
	number={4},
	pages={640--657},
	year={2014},
	publisher={Springer}
}
@article{rosenkrantz1977analysis,
	title={An analysis of several heuristics for the traveling salesman problem},
	author={Rosenkrantz, Daniel J and Stearns, Richard E and Lewis, II, Philip M},
	journal={SIAM journal on computing},
	volume={6},
	number={3},
	pages={563--581},
	year={1977},
	publisher={SIAM}
}
@article{bryant2000genetic,
	title={Genetic algorithms and the traveling salesman problem},
	author={Bryant, Kylie and Benjamin, Arthur},
	journal={Department of Mathematics, Harvey Mudd College},
	pages={10--12},
	year={2000}
}
@inproceedings{qiu2008adaptive,
	title={An adaptive markov chain monte carlo algorithm for tsp},
	author={Qiu, Fangpeng and Zhang, Jinlong and Yan, Haibo},
	booktitle={Computer Science and Software Engineering, 2008 International Conference on},
	volume={1},
	pages={439--442},
	year={2008},
	organization={IEEE}
}